@article{kocmi2024navigating,
  title={Navigating the metrics maze: Reconciling score magnitudes and accuracies},
  author={Kocmi, Tom and Zouhar, Vil{\'e}m and Federmann, Christian and Post, Matt},
  journal={ACL 2024},
  year={2024},
  url={https://arxiv.org/abs/2401.06760},
}

@misc{moghe2024machine,
      title={Machine Translation Meta Evaluation through Translation Accuracy Challenge Sets}, 
      author={Nikita Moghe and Arnisa Fazla and Chantal Amrhein and Tom Kocmi and Mark Steedman and Alexandra Birch and Rico Sennrich and Liane Guillou},
      year={2024},
      eprint={2401.16313},
      archivePrefix={arXiv},
      primaryClass={cs.CL},
      url={https://arxiv.org/abs/2401.16313}, 
}

@misc{kocmi2024errorspanannotationbalanced,
      title={Error Span Annotation: A Balanced Approach for Human Evaluation of Machine Translation}, 
      author={Tom Kocmi and Vilém Zouhar and Eleftherios Avramidis and Roman Grundkiewicz and Marzena Karpinska and Maja Popović and Mrinmaya Sachan and Mariya Shmatova},
      year={2024},
      eprint={2406.11580},
      archivePrefix={arXiv},
      primaryClass={cs.CL},
      url={https://arxiv.org/abs/2406.11580}, 
}